%% This BibTeX bibliography file was created using BibDesk.
%% http://bibdesk.sourceforge.net/


%% Created for Ethan Leeman at 2017-03-27 19:38:56 -0500 


%% Saved with string encoding Unicode (UTF-8) 



@url{shuhb,
	Author = {Shuhb24},
	Date-Added = {2017-03-28 00:35:28 +0000},
	Date-Modified = {2017-03-28 00:37:54 +0000},
	Title = {A Beginner's Guide},
	Urldate = {https://www.kaggle.com/c/quora-question-pairs/discussion/30340#168954}}

@url{Wang,
	Author = {Z. Wang et al.},
	Date-Added = {2017-03-28 00:26:36 +0000},
	Date-Modified = {2017-03-28 00:27:39 +0000},
	Title = {Bilateral Multi-Perspective Matching for Natural Language Sentences.}}

@booklet{Gil:02,
	Address = {Haifa, Israel},
	Author = {Joseph (Yossi) Gil},
	Howpublished = {manuscript},
	Title = {{\LaTeXe} for Graduate Students},
	Year = {2002}}
